<record xmlns='http://www.loc.gov/MARC21/slim'><leader>01592ntm a2200325Ii 4500</leader><controlfield tag='001'>991058301964206011</controlfield><controlfield tag='005'>20220506124637.0</controlfield><controlfield tag='008'>220506s1688    enk           000 0 eng d</controlfield><datafield ind1=' ' ind2=' ' tag='035'><subfield code='a'>(OCoLC)1314385827h</subfield></datafield><datafield ind1=' ' ind2=' ' tag='035'><subfield code='a'>(OCoLC)on1314385827h</subfield></datafield><datafield ind1=' ' ind2=' ' tag='040'><subfield code='a'>HRH</subfield><subfield code='b'>eng</subfield><subfield code='e'>dcrmmss</subfield><subfield code='c'>HRH</subfield></datafield><datafield ind1=' ' ind2=' ' tag='041'><subfield code='a'>eng</subfield><subfield code='a'>lat</subfield></datafield><datafield ind1=' ' ind2=' ' tag='049'><subfield code='a'>HRHH</subfield></datafield><datafield ind1=' ' ind2='9' tag='099'><subfield code='a'>MS 3327, Container 73</subfield></datafield><datafield ind1='1' ind2=' ' tag='100'><subfield code='a'>Sergeant, John, 1622-1707, attributed author.</subfield></datafield><datafield ind1='0' ind2='0' tag='245'><subfield code='a'>Concerning the Nature of the Authority, Jurisdiction, or Governing Power truly Inherent in the Apostolical Vicars in England :</subfield><subfield code='k'>manuscript.</subfield></datafield><datafield ind1=' ' ind2='0' tag='264'><subfield code='a'>England ;</subfield><subfield code='c'>approximately 1688</subfield></datafield><datafield ind1=' ' ind2=' ' tag='300'><subfield code='a'>52 leaves :</subfield><subfield code='b'>paper,</subfield><subfield code='c'>16 x 10 cm</subfield></datafield><datafield ind1=' ' ind2=' ' tag='336'><subfield code='a'>text</subfield><subfield code='b'>txt</subfield><subfield code='2'>rdacontent</subfield></datafield><datafield ind1=' ' ind2=' ' tag='337'><subfield code='a'>unmediated</subfield><subfield code='b'>n</subfield><subfield code='2'>rdamedia</subfield></datafield><datafield ind1=' ' ind2=' ' tag='338'><subfield code='a'>volume</subfield><subfield code='b'>nc</subfield><subfield code='2'>rdacarrier</subfield></datafield><datafield ind1=' ' ind2=' ' tag='500'><subfield code='a'>Title devised by cataloger.</subfield></datafield><datafield ind1=' ' ind2=' ' tag='506'><subfield code='a'>Unrestricted in reading room, but coach user: fragile original stab binding, open to 90℗ʻ only, use book supports; available for classroom use in exhibit case only.</subfield></datafield><datafield ind1=' ' ind2=' ' tag='520'><subfield code='a'>Critical analysis of the appointment of Dr. Leyburn and his three fellow Vicars Apostolic, questioning their authority primarily in relation to the Chapter of which Sergeant was secretary and spokesman.</subfield></datafield><datafield ind1=' ' ind2=' ' tag='590'><subfield code='a'>MS 3327, Container 73: Recusant Collection. DIDB record: B1045. Stitched binding with paper wrapper (stabbed, three holes, replacement thread).  (England 17th c)</subfield></datafield><datafield ind1=' ' ind2='0' tag='650'><subfield code='a'>Church history.</subfield></datafield><datafield ind1='2' ind2=' ' tag='791'><subfield code='a'>Recusant Collection.</subfield></datafield><datafield ind1='2' ind2=' ' tag='791'><subfield code='a'>Medieval and Early Modern Manuscripts Collection.</subfield></datafield><datafield ind1=' ' ind2=' ' tag='752'><subfield code='a'>England,</subfield><subfield code='e'>producation place.</subfield></datafield><datafield ind1=' ' ind2=' ' tag='994'><subfield code='a'>C0</subfield><subfield code='b'>HRH</subfield></datafield></record>
